%% LaTeX2e file `mybibtest.bib'
%% generated by the `filecontents' environment
%% from source `dropseq-analysis' on 2017/05/11.
%%
@article{macosko2015highly,
  title={Highly parallel genome-wide expression profiling of individual cells using nanoliter droplets},
  author={Macosko, Evan Z and Basu, Anindita and Satija, Rahul and Nemesh, James and Shekhar, Karthik and Goldman, Melissa and Tirosh, Itay and Bialas, Allison R and Kamitaki, Nolan and Martersteck, Emily M and others},
  journal={Cell},
  volume={161},
  number={5},
  pages={1202--1214},
  year={2015},
  publisher={Elsevier}
}

@article{klein2015droplet,
  title={Droplet barcoding for single-cell transcriptomics applied to embryonic stem cells},
  author={Klein, Allon M and Mazutis, Linas and Akartuna, Ilke and Tallapragada, Naren and Veres, Adrian and Li, Victor and Peshkin, Leonid and Weitz, David A and Kirschner, Marc W},
  journal={Cell},
  volume={161},
  number={5},
  pages={1187--1201},
  year={2015},
  publisher={Elsevier}
}

@misc{andrews2010fastqc,
  title={FastQC: a quality control tool for high throughput sequence data},
  author={Andrews, Simon and others},
  year={2010}
}

@misc{krueger2015trim,
  title={Trim Galore!: A wrapper tool around Cutadapt and FastQC to consistently apply quality and adapter trimming to FastQ files},
  author={Krueger, F},
  year={2015}
}

@article{zheng2016massively,
  title={Massively parallel digital transcriptional profiling of single cells},
  author={Zheng, Grace XY and Terry, Jessica M and Belgrader, Phillip and Ryvkin, Paul and Bent, Zachary W and Wilson, Ryan and Ziraldo, Solongo B and Wheeler, Tobias D and McDermott, Geoff P and Zhu, Junjie and others},
  journal={bioRxiv},
  pages={065912},
  year={2016},
  publisher={Cold Spring Harbor Labs Journals}
}

@article{satija2015spatial,
  title={Spatial reconstruction of single-cell gene expression data},
  author={Satija, Rahul and Farrell, Jeffrey A and Gennert, David and Schier, Alexander F and Regev, Aviv},
  journal={Nature biotechnology},
  volume={33},
  number={5},
  pages={495--502},
  year={2015},
  publisher={Nature Research}
}

@article{good1953population,
  title={The population frequencies of species and the estimation of population parameters},
  author={Good, Irving J},
  journal={Biometrika},
  pages={237--264},
  year={1953},
  publisher={JSTOR}
}

@article{maaten2008visualizing,
  title={Visualizing data using t-SNE},
  author={Maaten, Laurens van der and Hinton, Geoffrey},
  journal={Journal of Machine Learning Research},
  volume={9},
  number={Nov},
  pages={2579--2605},
  year={2008}
}

@article{mcdavid2013data,
  title={Data exploration, quality control and testing in single-cell qPCR-based gene expression experiments},
  author={McDavid, Andrew and Finak, Greg and Chattopadyay, Pratip K and Dominguez, Maria and Lamoreaux, Laurie and Ma, Steven S and Roederer, Mario and Gottardo, Raphael},
  journal={Bioinformatics},
  volume={29},
  number={4},
  pages={461--467},
  year={2013},
  publisher={Oxford Univ Press}
}

@article{alexa2010topgo,
  title={topGO: enrichment analysis for gene ontology},
  author={Alexa, Adrian and Rahnenfuhrer, Jorg},
  journal={R package version},
  volume={2},
  number={0},
  year={2010}
}

@article{chung2015statistical,
  title={Statistical significance of variables driving systematic variation in high-dimensional data},
  author={Chung, Neo Christopher and Storey, John D},
  journal={Bioinformatics},
  volume={31},
  number={4},
  pages={545--554},
  year={2015},
  publisher={Oxford Univ Press}
}

@article{shekhar2016comprehensive,
  title={Comprehensive classification of retinal bipolar neurons by single-cell transcriptomics},
  author={Shekhar, Karthik and Lapan, Sylvain W and Whitney, Irene E and Tran, Nicholas M and Macosko, Evan Z and Kowalczyk, Monika and Adiconis, Xian and Levin, Joshua Z and Nemesh, James and Goldman, Melissa and others},
  journal={Cell},
  volume={166},
  number={5},
  pages={1308--1323},
  year={2016},
  publisher={Elsevier}
}

@article{dobin2013star,
  title={STAR: ultrafast universal RNA-seq aligner},
  author={Dobin, Alexander and Davis, Carrie A and Schlesinger, Felix and Drenkow, Jorg and Zaleski, Chris and Jha, Sonali and Batut, Philippe and Chaisson, Mark and Gingeras, Thomas R},
  journal={Bioinformatics},
  volume={29},
  number={1},
  pages={15--21},
  year={2013},
  publisher={Oxford Univ Press}
}

@inproceedings{ester1996density,
  title={A density-based algorithm for discovering clusters in large spatial databases with noise.},
  author={Ester, Martin and Kriegel, Hans-Peter and Sander, J{\"o}rg and Xu, Xiaowei and others},
  booktitle={Kdd},
  volume={96},
  number={34},
  pages={226--231},
  year={1996}
}

@article{pollen2014low,
  title={Low-coverage single-cell mRNA sequencing reveals cellular heterogeneity and activated signaling pathways in developing cerebral cortex},
  author={Pollen, Alex A and Nowakowski, Tomasz J and Shuga, Joe and Wang, Xiaohui and Leyrat, Anne A and Lui, Jan H and Li, Nianzhen and Szpankowski, Lukasz and Fowler, Brian and Chen, Peilin and others},
  journal={Nature biotechnology},
  volume={32},
  number={10},
  pages={1053--1058},
  year={2014},
  publisher={Nature Research}
}

