%% LaTeX2e file `mybib.bib'
%% generated by the `filecontents' environment
%% from source `space-expression-match' on 2017/04/11.
%%
@article{macosko2015highly,
  title={Highly parallel genome-wide expression profiling of individual cells using nanoliter droplets},
  author={Macosko, Evan Z and Basu, Anindita and Satija, Rahul and Nemesh, James and Shekhar, Karthik and Goldman, Melissa and Tirosh, Itay and Bialas, Allison R and Kamitaki, Nolan and Martersteck, Emily M and others},
  journal={Cell},
  volume={161},
  number={5},
  pages={1202--1214},
  year={2015},
  publisher={Elsevier}
}
