@article{kharchenko2014bayesian,
  title={Bayesian approach to single-cell differential expression analysis},
  author={Kharchenko, Peter V and Silberstein, Lev and Scadden, David T},
  journal={Nature methods},
  volume={11},
  number={7},
  pages={740--742},
  year={2014},
  publisher={Nature Publishing Group}
}

@article{anders2010differential,
  title={Differential expression analysis for sequence count data},
  author={Anders, Simon and Huber, Wolfgang},
  journal={Genome biology},
  volume={11},
  number={10},
  pages={1},
  year={2010},
  publisher={BioMed Central}
}

@article{pierson2015zifa,
  title={ZIFA: Dimensionality reduction for zero-inflated single-cell gene expression analysis},
  author={Pierson, Emma and Yau, Christopher},
  journal={Genome biology},
  volume={16},
  number={1},
  pages={1},
  year={2015},
  publisher={BioMed Central}
}