@article{trapnell2014dynamics,
  title={The dynamics and regulators of cell fate decisions are revealed by pseudotemporal ordering of single cells},
  author={Trapnell, Cole and Cacchiarelli, Davide and Grimsby, Jonna and Pokharel, Prapti and Li, Shuqiang and Morse, Michael and Lennon, Niall J and Livak, Kenneth J and Mikkelsen, Tarjei S and Rinn, John L},
  journal={Nature biotechnology},
  volume={32},
  number={4},
  pages={381--386},
  year={2014},
  publisher={Nature Publishing Group}
}

@article{ji2016tscan,
  title={TSCAN: Pseudo-time reconstruction and evaluation in single-cell RNA-seq analysis},
  author={Ji, Zhicheng and Ji, Hongkai},
  journal={Nucleic acids research},
  pages={gkw430},
  year={2016},
  publisher={Oxford Univ Press}
}

@article{bendall2014single,
  title={Single-cell trajectory detection uncovers progression and regulatory coordination in human B cell development},
  author={Bendall, Sean C and Davis, Kara L and Amir, El-ad David and Tadmor, Michelle D and Simonds, Erin F and Chen, Tiffany J and Shenfeld, Daniel K and Nolan, Garry P and Peâ€™er, Dana},
  journal={Cell},
  volume={157},
  number={3},
  pages={714--725},
  year={2014},
  publisher={Elsevier}
}

@article{haghverdi2016diffusion,
  title={Diffusion pseudotime robustly reconstructs lineage branching},
  author={Haghverdi, Laleh and Buettner, Maren and Wolf, F Alexander and Buettner, Florian and Theis, Fabian J},
  journal={bioRxiv},
  pages={041384},
  year={2016},
  publisher={Cold Spring Harbor Labs Journals}
}

@article{reid2015pseudotime,
  title={Pseudotime estimation: deconfounding single cell time series},
  author={Reid, John E and Wernisch, Lorenz},
  journal={bioRxiv},
  pages={019588},
  year={2015},
  publisher={Cold Spring Harbor Labs Journals}
}

@article{campbell2015bayesian,
  title={Bayesian Gaussian Process Latent Variable Models for pseudotime inference in single-cell RNA-seq data},
  author={Campbell, Kieran and Yau, Christopher},
  journal={bioRxiv},
  pages={026872},
  year={2015},
  publisher={Cold Spring Harbor Labs Journals}
}

@article{aijo2014methods,
  title={Methods for time series analysis of RNA-seq data with application to human Th17 cell differentiation},
  author={{\"A}ij{\"o}, Tarmo and Butty, Vincent and Chen, Zhi and Salo, Verna and Tripathi, Subhash and Burge, Christopher B and Lahesmaa, Riitta and L{\"a}hdesm{\"a}ki, Harri},
  journal={Bioinformatics},
  volume={30},
  number={12},
  pages={i113--i120},
  year={2014},
  publisher={Oxford Univ Press}
}